<record><leader>00000cas a22000007a 4500</leader><controlfield tag="001">13210572</controlfield><controlfield tag="008">860228c19499999wiuwr ne      0    0eng d</controlfield><datafield ind1=" " ind2=" " tag="010"><subfield code="a">sn 86086336 </subfield></datafield><datafield ind1=" " ind2=" " tag="040"><subfield code="a">NPV</subfield><subfield code="b">eng</subfield><subfield code="c">NPV</subfield><subfield code="d">OCLCQ</subfield></datafield><datafield ind1=" " ind2=" " tag="042"><subfield code="a">msc</subfield></datafield><datafield ind1=" " ind2=" " tag="045"><subfield code="a">x4x-</subfield></datafield><datafield ind1=" " ind2=" " tag="052"><subfield code="a">4123</subfield><subfield code="b">W6</subfield></datafield><datafield ind1="0" ind2="0" tag="245"><subfield code="a">Waupaca Chain o' Lakes picture post.</subfield></datafield><datafield ind1="3" ind2="0" tag="246"><subfield code="a">Picture post</subfield></datafield><datafield ind1=" " ind2=" " tag="260"><subfield code="a">Waupaca, Wis. :</subfield><subfield code="b">Waupaca County Post</subfield></datafield><datafield ind1=" " ind2=" " tag="300"><subfield code="a">v. :</subfield><subfield code="b">ill.</subfield></datafield><datafield ind1=" " ind2=" " tag="310"><subfield code="a">Weekly</subfield></datafield><datafield ind1="1" ind2=" " tag="362"><subfield code="a">Began in 1949?</subfield></datafield><datafield ind1=" " ind2=" " tag="500"><subfield code="a">"Published every Friday during the vacation season."</subfield></datafield><datafield ind1=" " ind2=" " tag="500"><subfield code="a">Editors: R. Glaman, &lt;June 18&gt;-Sept. 3, 1954; D. Dean, &lt;June 24&gt;-Sept. 2, 1955; K. Carey, June 15-Aug. 31, 1956; V.A. Davel, June 14-Aug. 30, 1957; R. Jozwiak, June 13-Aug. 29, 1958.</subfield></datafield><datafield ind1=" " ind2=" " tag="530"><subfield code="a">Available on microfilm from The State Historical Society of Wisconsin.</subfield></datafield><datafield ind1=" " ind2=" " tag="588"><subfield code="a">Description based on: Vol. 5, no. 1 (June 18, 1954).</subfield></datafield><datafield ind1=" " ind2=" " tag="752"><subfield code="a">United States</subfield><subfield code="b">Wisconsin</subfield><subfield code="c">Waupaca</subfield><subfield code="d">Waupaca.</subfield></datafield><datafield ind1="1" ind2=" " tag="029"><subfield code="a">AU@</subfield><subfield code="b">000025827115</subfield></datafield></record>